@manual{lm7175data,
  organization = "Texas Instruments",
  title        = "42-V Wide VIN Synchronous 4-Switch Buck-Boost Controller",
  number       = "LM5174",
  year         = 2016,
  month        = 5,
  note         = "Rev. A"
}

@manual{XAL1010data,
  organization = "Coilcraft",
  title        = "Shielded Power Inductors",
  number       = "XAL1010",
  year         = 2021,
  month        = 6,
  note         = "Doc. 804"
}

@manual{CSD18532data,
  organization = "Texas Instruments",
  title        = "60-V N-Channel NexFETâ„¢ Power MOSFETs",
  number       = "CSD18532Q5B",
  year         = 2018,
  month        = 2,
  note         = "Rev. D"
}

@manual{SS24data,
  organization = "Multicomp Pro",
  title        = "Schottky Rectifier",
  number       = "SS24+",
  year         = 2019,
  month        = 9,
  note         = "V1.1"
}